<?xml version="1.0" encoding="utf-8"?>
<record xmlns="http://www.loc.gov/MARC21/slim" xmlns:xsi="http://www.w3.org/2001/XMLSchema-instance" xsi:schemaLocation="http://www.loc.gov/MARC21/slim http://www.loc.gov/standards/marcxml/schema/MARC21slim.xsd">
	<leader>     nam a22        4500</leader>
	<controlfield tag="001">2959223</controlfield>
	<controlfield tag="003">NNC</controlfield>
	<controlfield tag="006">m        d        </controlfield>
	<controlfield tag="007">cr cn |||m|||a</controlfield>
	<controlfield tag="008">161117m19331962ua      o     000 0 arard</controlfield>
	<datafield ind1=" " ind2=" " tag="040">
		<subfield code="a">NNU</subfield>
		<subfield code="b">eng</subfield>
		<subfield code="e">rda</subfield>
		<subfield code="c">NNU</subfield>
	</datafield>
	<datafield ind1=" " ind2="4" tag="050">
		<subfield code="a">BP135</subfield>
		<subfield code="b">.A12 1933</subfield>
	</datafield>
	<datafield ind1="1" ind2=" " tag="100">
		<subfield code="6">880-01</subfield>
		<subfield code="a">Bukhārī, Muḥammad ibn Ismāʻīl,</subfield>
		<subfield code="d">810-870.</subfield>
	</datafield>
	<datafield ind1="1" ind2="0" tag="245">
		<subfield code="6">880-02</subfield>
		<subfield code="a">Ṣaḥīḥ Abī ʻAbd Allāh al-Bukhārī bi-sharḥ al-Kirmānī.</subfield>
	</datafield>
	<datafield ind1=" " ind2=" " tag="260">
		<subfield code="6">880-03</subfield>
		<subfield code="a">Miṣr,</subfield>
		<subfield code="b">al-Maṭbaʻah al-Bahīyah al-Miṣrīyah,</subfield>
		<subfield code="c">1933-1962.</subfield>
	</datafield>
	<datafield ind1=" " ind2=" " tag="300">
		<subfield code="a">online resource (25 volumes)</subfield>
	</datafield>
	<datafield ind1=" " ind2=" " tag="336">
		<subfield code="a">text</subfield>
		<subfield code="2">rdacontent</subfield>
	</datafield>
	<datafield ind1=" " ind2=" " tag="337">
		<subfield code="a">computer</subfield>
		<subfield code="2">rdamedia</subfield>
	</datafield>
	<datafield ind1=" " ind2=" " tag="338">
		<subfield code="a">online resource</subfield>
		<subfield code="2">rdacarrier</subfield>
	</datafield>
	<datafield ind1=" " ind2=" " tag="500">
		<subfield code="a">Vol. 1: 2d ed. 1939.</subfield>
	</datafield>
	<datafield ind1=" " ind2=" " tag="500">
		<subfield code="a">Part of the Arabic Collections Online (ACO) project, contributed by Columbia University Libraries.</subfield>
	</datafield>
	<datafield ind1=" " ind2=" " tag="533">
		<subfield code="a">Electronic reproduction.</subfield>
		<subfield code="b">New York, N.Y. :</subfield>
		<subfield code="c">New York University,</subfield>
		<subfield code="d">2016.</subfield>
		<subfield code="5">NNU</subfield>
	</datafield>
	<datafield ind1=" " ind2="0" tag="650">
		<subfield code="a">Hadith.</subfield>
	</datafield>
	<datafield ind1=" " ind2="7" tag="650">
		<subfield code="a">Hadith.</subfield>
		<subfield code="2">fast</subfield>
		<subfield code="0">(OCoLC)fst00950112</subfield>
	</datafield>
	<datafield ind1="1" ind2=" " tag="700">
		<subfield code="6">880-04</subfield>
		<subfield code="a">Kirmānī, Muḥammad ibn Yūsuf,</subfield>
		<subfield code="d">1317 or 1318-1384 or 1385.</subfield>
	</datafield>
	<datafield ind1="2" ind2=" " tag="710">
		<subfield code="a">Columbia University.</subfield>
		<subfield code="b">Libraries.</subfield>
	</datafield>
	<datafield ind1="0" ind2=" " tag="730">
		<subfield code="a">Arabic Collections Online.</subfield>
	</datafield>
	<datafield ind1="0" ind2="8" tag="776">
		<subfield code="i">Print version:</subfield>
		<subfield code="a">Bukhārī, Muḥammad ibn Ismāʻīl, 810-870.</subfield>
		<subfield code="t">Ṣaḥīḥ Abī ʻAbd Allāh al-Bukhārī bi-sharḥ al-Kirmānī</subfield>
		<subfield code="w">(NNC)2959223</subfield>
		<subfield code="w">(OCoLC)17786676</subfield>
	</datafield>
	<datafield ind1="4" ind2="0" tag="856">
		<subfield code="u">http://hdl.handle.net/2333.1/547d81sz</subfield>
	</datafield>
	<datafield ind1="1" ind2=" " tag="880">
		<subfield code="6">100-01/r</subfield>
		<subfield code="a">بخاري، محمد بن إسماعيل،</subfield>
		<subfield code="d">810-870.</subfield>
	</datafield>
	<datafield ind1="1" ind2="0" tag="880">
		<subfield code="6">245-02/r</subfield>
		<subfield code="a">صحيح ابي عبد الله البخاري بشرح الكرماني.</subfield>
	</datafield>
	<datafield ind1=" " ind2=" " tag="880">
		<subfield code="6">260-03/r</subfield>
		<subfield code="a">مصر :</subfield>
		<subfield code="b">المطبعة البهية المصرية،</subfield>
		<subfield code="c">[1933-1962]</subfield>
	</datafield>
	<datafield ind1="1" ind2=" " tag="880">
		<subfield code="6">700-04/r</subfield>
		<subfield code="a">كرماني، محمد بن يوسف،</subfield>
		<subfield code="d">1317 or 1318-1384 or 1385.</subfield>
	</datafield>
	<datafield ind1=" " ind2=" " tag="959">
		<subfield code="a">NNU</subfield>
		<subfield code="b">WEB</subfield>
		<subfield code="c">GENI</subfield>
		<subfield code="t">0</subfield>
		<subfield code="m">Electronic access</subfield>
		<subfield code="s">01</subfield>
	</datafield>
	<datafield ind1=" " ind2=" " tag="999">
		<subfield code="i">NNC_2959223</subfield>
		<subfield code="o">(OCoLC)ocm17786676</subfield>
		<subfield code="s">columbia_aco002007:v.3</subfield>
		<subfield code="s">columbia_aco002006:v.4</subfield>
		<subfield code="s">columbia_aco002009:v.6</subfield>
		<subfield code="s">columbia_aco002008:v.11</subfield>
		<subfield code="s">columbia_aco002011:v.12</subfield>
		<subfield code="s">columbia_aco002010:v.13</subfield>
		<subfield code="s">columbia_aco002013:v.14</subfield>
		<subfield code="s">columbia_aco002012:v.15</subfield>
		<subfield code="s">columbia_aco002015:v.16</subfield>
		<subfield code="s">columbia_aco002014:v.17</subfield>
		<subfield code="s">columbia_aco002017:v.18</subfield>
		<subfield code="s">columbia_aco002016:v.19</subfield>
		<subfield code="s">columbia_aco002019:v.20</subfield>
		<subfield code="s">columbia_aco002018:v.21</subfield>
		<subfield code="s">columbia_aco002022:v.22</subfield>
		<subfield code="s">columbia_aco002021:v.23</subfield>
		<subfield code="s">columbia_aco002020:v.24</subfield>
		<subfield code="e">(ERROR-880)</subfield>
		<subfield code="s">columbia_aco002007:v.3</subfield>
		<subfield code="s">columbia_aco002006:v.4</subfield>
		<subfield code="s">columbia_aco002009:v.6</subfield>
		<subfield code="s">columbia_aco002008:v.11</subfield>
		<subfield code="s">columbia_aco002011:v.12</subfield>
		<subfield code="s">columbia_aco002010:v.13</subfield>
		<subfield code="s">columbia_aco002013:v.14</subfield>
		<subfield code="s">columbia_aco002012:v.15</subfield>
		<subfield code="s">columbia_aco002015:v.16</subfield>
		<subfield code="s">columbia_aco002014:v.17</subfield>
		<subfield code="s">columbia_aco002017:v.18</subfield>
		<subfield code="s">columbia_aco002016:v.19</subfield>
		<subfield code="s">columbia_aco002019:v.20</subfield>
		<subfield code="s">columbia_aco002018:v.21</subfield>
		<subfield code="s">columbia_aco002022:v.22</subfield>
		<subfield code="s">columbia_aco002021:v.23</subfield>
		<subfield code="s">columbia_aco002020:v.24</subfield>
	</datafield>
</record>
